
    <marc:record>
        <marc:leader>07379nab a2201093 u 4500</marc:leader>
        <marc:controlfield tag="001">9915834978907426</marc:controlfield>
        <marc:controlfield tag="005">20221214224720.0</marc:controlfield>
        <marc:controlfield tag="008">200509e20160301xx |||||o|||||||||||eng||</marc:controlfield>
        <marc:datafield tag="016" ind1="7" ind2=" ">
            <marc:subfield code="a">IND600062333</marc:subfield>
            <marc:subfield code="2">DNAL</marc:subfield>
        </marc:datafield>
        <marc:datafield tag="024" ind1="7" ind2=" ">
            <marc:subfield code="a">10113/62333</marc:subfield>
            <marc:subfield code="2">hdl</marc:subfield>
        </marc:datafield>
        <marc:datafield tag="024" ind1="7" ind2=" ">
            <marc:subfield code="a">322385</marc:subfield>
            <marc:subfield code="2">aris</marc:subfield>
        </marc:datafield>
        <marc:datafield tag="024" ind1="7" ind2=" ">
            <marc:subfield code="a">10.1002/ehs2.1209</marc:subfield>
            <marc:subfield code="2">doi</marc:subfield>
        </marc:datafield>
        <marc:datafield tag="024" ind1="8" ind2=" ">
            <marc:subfield code="a">ns9795</marc:subfield>
        </marc:datafield>
        <marc:datafield tag="035" ind1=" " ind2=" ">
            <marc:subfield code="a">agid:62333-01nal_inst</marc:subfield>
        </marc:datafield>
        <marc:datafield tag="040" ind1=" " ind2=" ">
            <marc:subfield code="a">AGL</marc:subfield>
            <marc:subfield code="b">eng</marc:subfield>
            <marc:subfield code="c">AGL</marc:subfield>
        </marc:datafield>
        <marc:datafield tag="100" ind1="1" ind2=" ">
            <marc:subfield code="a">Herrick, Jeffrey E.</marc:subfield>
            <marc:subfield code="e">author</marc:subfield>
            <marc:subfield code="u">U.S. Department of Agriculture ‐ Agricultural Research Service, New Mexico State University, Jornada Experimental Range MSC 3JER Box 30003 Las Cruces, New Mexico,  88003‐8003USA</marc:subfield>
        </marc:datafield>
        <marc:datafield tag="245" ind1="1" ind2="4">
            <marc:subfield code="a">The land‐potential knowledge system (landpks): mobile apps and collaboration for optimizing climate change investments</marc:subfield>
        </marc:datafield>
        <marc:datafield tag="506" ind1=" " ind2=" ">
            <marc:subfield code="a">Works produced by employees of the U.S. Government as part of their official duties are not copyrighted within the U.S. The content of this document is not copyrighted.</marc:subfield>
        </marc:datafield>
        <marc:datafield tag="520" ind1=" " ind2=" ">
            <marc:subfield code="a">Massive investments in climate change mitigation and adaptation are projected during coming decades. Many of these investments will seek to modify how land is managed. The return on both types of investments can be increased through an understanding of land potential: the potential of the land to support primary production and ecosystem services, and its resilience. A Land‐Potential Knowledge System (LandPKS) is being developed and implemented to provide individual users with point‐based estimates of land potential based on the integration of simple, geo‐tagged user inputs with cloud‐based information and knowledge. This system will rely on mobile phones for knowledge and information exchange, and use cloud computing to integrate, interpret, and access relevant knowledge and information, including local knowledge about land with similar potential. The system will initially provide management options based on long‐term land potential, which depends on climate, topography, and relatively static soil properties, such as soil texture, depth, and mineralogy. Future modules will provide more specific management information based on the status of relatively dynamic soil properties such as organic matter and nutrient content, and of weather. The paper includes a discussion of how this system can be used to help distinguish between meteorological and edaphic drought.</marc:subfield>
        </marc:datafield>
        <marc:datafield tag="592" ind1=" " ind2=" ">
            <marc:subfield code="a">Publisher supplied data</marc:subfield>
        </marc:datafield>
        <marc:datafield tag="593" ind1=" " ind2=" ">
            <marc:subfield code="a">PubAg article</marc:subfield>
        </marc:datafield>
        <marc:datafield tag="593" ind1=" " ind2=" ">
            <marc:subfield code="c">USDA submission</marc:subfield>
        </marc:datafield>
        <marc:datafield tag="594" ind1=" " ind2=" ">
            <marc:subfield code="a">Embargoed article</marc:subfield>
        </marc:datafield>
        <marc:datafield tag="595" ind1=" " ind2=" ">
            <marc:subfield code="a">808</marc:subfield>
            <marc:subfield code="b">jgilbert</marc:subfield>
            <marc:subfield code="c">2016-05-24</marc:subfield>
            <marc:subfield code="d">fedoraAdmin</marc:subfield>
            <marc:subfield code="e">2016-05-24</marc:subfield>
        </marc:datafield>
        <marc:datafield tag="596" ind1=" " ind2=" ">
            <marc:subfield code="c">Dutch Ministry of Foreign Affairs</marc:subfield>
        </marc:datafield>
        <marc:datafield tag="596" ind1=" " ind2=" ">
            <marc:subfield code="c">Africa Soil Information Service (AfSIS)</marc:subfield>
        </marc:datafield>
        <marc:datafield tag="596" ind1=" " ind2=" ">
            <marc:subfield code="c">Bill and Melinda Gates foundation</marc:subfield>
        </marc:datafield>
        <marc:datafield tag="596" ind1=" " ind2=" ">
            <marc:subfield code="c">Alliance for a Green Revolution in Africa (AGRA)</marc:subfield>
        </marc:datafield>
        <marc:datafield tag="593" ind1=" " ind2=" ">
            <marc:subfield code="e">ARIS manuscript</marc:subfield>
        </marc:datafield>
        <marc:datafield tag="650" ind1=" " ind2="3">
            <marc:subfield code="a">climate</marc:subfield>
        </marc:datafield>
        <marc:datafield tag="650" ind1=" " ind2="3">
            <marc:subfield code="a">climate change</marc:subfield>
        </marc:datafield>
        <marc:datafield tag="650" ind1=" " ind2="3">
            <marc:subfield code="a">drought</marc:subfield>
        </marc:datafield>
        <marc:datafield tag="650" ind1=" " ind2="3">
            <marc:subfield code="a">ecosystem services</marc:subfield>
        </marc:datafield>
        <marc:datafield tag="650" ind1=" " ind2="3">
            <marc:subfield code="a">environmental health</marc:subfield>
        </marc:datafield>
        <marc:datafield tag="650" ind1=" " ind2="3">
            <marc:subfield code="a">information exchange</marc:subfield>
        </marc:datafield>
        <marc:datafield tag="650" ind1=" " ind2="3">
            <marc:subfield code="a">knowledge</marc:subfield>
        </marc:datafield>
        <marc:datafield tag="650" ind1=" " ind2="3">
            <marc:subfield code="a">management information systems</marc:subfield>
        </marc:datafield>
        <marc:datafield tag="650" ind1=" " ind2="3">
            <marc:subfield code="a">mineralogy</marc:subfield>
        </marc:datafield>
        <marc:datafield tag="650" ind1=" " ind2="3">
            <marc:subfield code="a">nutrient content</marc:subfield>
        </marc:datafield>
        <marc:datafield tag="650" ind1=" " ind2="3">
            <marc:subfield code="a">organic matter</marc:subfield>
        </marc:datafield>
        <marc:datafield tag="650" ind1=" " ind2="3">
            <marc:subfield code="a">primary productivity</marc:subfield>
        </marc:datafield>
        <marc:datafield tag="650" ind1=" " ind2="3">
            <marc:subfield code="a">soil properties</marc:subfield>
        </marc:datafield>
        <marc:datafield tag="650" ind1=" " ind2="3">
            <marc:subfield code="a">topography</marc:subfield>
        </marc:datafield>
        <marc:datafield tag="653" ind1=" " ind2="0">
            <marc:subfield code="a">agriculture</marc:subfield>
        </marc:datafield>
        <marc:datafield tag="653" ind1=" " ind2="0">
            <marc:subfield code="a">analytics</marc:subfield>
        </marc:datafield>
        <marc:datafield tag="653" ind1=" " ind2="0">
            <marc:subfield code="a">crowdsourcing</marc:subfield>
        </marc:datafield>
        <marc:datafield tag="653" ind1=" " ind2="0">
            <marc:subfield code="a">expert systems</marc:subfield>
        </marc:datafield>
        <marc:datafield tag="653" ind1=" " ind2="0">
            <marc:subfield code="a">extension</marc:subfield>
        </marc:datafield>
        <marc:datafield tag="653" ind1=" " ind2="0">
            <marc:subfield code="a">knowledge management</marc:subfield>
        </marc:datafield>
        <marc:datafield tag="653" ind1=" " ind2="0">
            <marc:subfield code="a">land evaluation</marc:subfield>
        </marc:datafield>
        <marc:datafield tag="653" ind1=" " ind2="0">
            <marc:subfield code="a">land‐use planning</marc:subfield>
        </marc:datafield>
        <marc:datafield tag="653" ind1=" " ind2="0">
            <marc:subfield code="a">mobile apps</marc:subfield>
        </marc:datafield>
        <marc:datafield tag="653" ind1=" " ind2="0">
            <marc:subfield code="a">sustainability</marc:subfield>
        </marc:datafield>
        <marc:datafield tag="653" ind1=" " ind2="0">
            <marc:subfield code="a">sustainable land management</marc:subfield>
        </marc:datafield>
        <marc:datafield tag="700" ind1="1" ind2=" ">
            <marc:subfield code="a">Beh, Adam</marc:subfield>
            <marc:subfield code="e">author</marc:subfield>
            <marc:subfield code="u">U.S. Department of Agriculture ‐ Agricultural Research Service, New Mexico State University, Jornada Experimental Range MSC 3JER Box 30003 Las Cruces, New Mexico,  88003‐8003USA</marc:subfield>
        </marc:datafield>
        <marc:datafield tag="700" ind1="1" ind2=" ">
            <marc:subfield code="a">Barrios, Edmundo</marc:subfield>
            <marc:subfield code="e">author</marc:subfield>
            <marc:subfield code="u">World Agroforestry Centre, United Nations Avenue, Gigiri P.O. Box 30677 Nairobi,  00100Kenya</marc:subfield>
        </marc:datafield>
        <marc:datafield tag="700" ind1="1" ind2=" ">
            <marc:subfield code="a">Bouvier, Ioana</marc:subfield>
            <marc:subfield code="e">author</marc:subfield>
            <marc:subfield code="u">U.S. Agency for International Development, 301 4th Street SW SA‐44 (Rm 848) Washington, D.C, 20024 USA</marc:subfield>
        </marc:datafield>
        <marc:datafield tag="700" ind1="1" ind2=" ">
            <marc:subfield code="a">Coetzee, Marina</marc:subfield>
            <marc:subfield code="e">author</marc:subfield>
            <marc:subfield code="u">Namibia University of Science and Technology, 13 Storch Street, Private Bag 13388 Windhoek, Namibia</marc:subfield>
        </marc:datafield>
        <marc:datafield tag="700" ind1="1" ind2=" ">
            <marc:subfield code="a">Dent, David</marc:subfield>
            <marc:subfield code="e">author</marc:subfield>
            <marc:subfield code="u">Merchants of Light Ltd, Forncett End Norfolk, England</marc:subfield>
        </marc:datafield>
        <marc:datafield tag="700" ind1="1" ind2=" ">
            <marc:subfield code="a">Elias, Emile</marc:subfield>
            <marc:subfield code="e">author</marc:subfield>
            <marc:subfield code="u">U.S. Department of Agriculture ‐ Agricultural Research Service, New Mexico State University, Jornada Experimental Range MSC 3JER Box 30003 Las Cruces, New Mexico,  88003‐8003USA</marc:subfield>
        </marc:datafield>
        <marc:datafield tag="700" ind1="1" ind2=" ">
            <marc:subfield code="a">Hengl, Tomislav</marc:subfield>
            <marc:subfield code="e">author</marc:subfield>
            <marc:subfield code="u">ISRIC — World Soil information, Droevendaalsesteeg 3  6708PB Wageningen, The Netherlands</marc:subfield>
        </marc:datafield>
        <marc:datafield tag="700" ind1="1" ind2=" ">
            <marc:subfield code="a">Karl, Jason W.</marc:subfield>
            <marc:subfield code="e">author</marc:subfield>
            <marc:subfield code="u">U.S. Department of Agriculture ‐ Agricultural Research Service, New Mexico State University, Jornada Experimental Range MSC 3JER Box 30003 Las Cruces, New Mexico,  88003‐8003USA</marc:subfield>
        </marc:datafield>
        <marc:datafield tag="700" ind1="1" ind2=" ">
            <marc:subfield code="a">Liniger, Hanspeter</marc:subfield>
            <marc:subfield code="e">author</marc:subfield>
            <marc:subfield code="u">Center for the development and Environment, University of Bern, Hallerstrasse 10  3012Bern, Switzerland</marc:subfield>
        </marc:datafield>
        <marc:datafield tag="700" ind1="1" ind2=" ">
            <marc:subfield code="a">Matuszak, John</marc:subfield>
            <marc:subfield code="e">author</marc:subfield>
            <marc:subfield code="u">U.S. Department of State/OES, 2201 C St. NWWashington, D.C,  20520USA</marc:subfield>
        </marc:datafield>
        <marc:datafield tag="700" ind1="1" ind2=" ">
            <marc:subfield code="a">Neff, Jason C.</marc:subfield>
            <marc:subfield code="e">author</marc:subfield>
            <marc:subfield code="u">Environmental Studies Program, University of Colorado at Boulder, Campus Box 397Boulder, Colorado,  80309USA</marc:subfield>
        </marc:datafield>
        <marc:datafield tag="700" ind1="1" ind2=" ">
            <marc:subfield code="a">Ndungu, Lilian Wangui</marc:subfield>
            <marc:subfield code="e">author</marc:subfield>
            <marc:subfield code="u">RCMRD, SERVIR‐Eastern &amp; Southern Africa, P.O. Box 632, 00618 Ruaraka Nairobi, Kenya</marc:subfield>
        </marc:datafield>
        <marc:datafield tag="700" ind1="1" ind2=" ">
            <marc:subfield code="a">Obersteiner, Michael</marc:subfield>
            <marc:subfield code="e">author</marc:subfield>
            <marc:subfield code="u">International Institute for Applied Systems Analysis, Schlossplatz 1 A‐2361 Laxenburg, Austria</marc:subfield>
        </marc:datafield>
        <marc:datafield tag="700" ind1="1" ind2=" ">
            <marc:subfield code="a">Shepherd, Keith D.</marc:subfield>
            <marc:subfield code="e">author</marc:subfield>
            <marc:subfield code="u">World Agroforestry Centre, United Nations Avenue, Gigiri P.O. Box 30677 Nairobi,  00100Kenya</marc:subfield>
        </marc:datafield>
        <marc:datafield tag="700" ind1="1" ind2=" ">
            <marc:subfield code="a">Urama, Kevin C.</marc:subfield>
            <marc:subfield code="e">author</marc:subfield>
            <marc:subfield code="u">African Development Bank, Avenue Jean‐Paul II  01 BP 1387Abidjan 01, Côte d'Ivoire</marc:subfield>
        </marc:datafield>
        <marc:datafield tag="700" ind1="1" ind2=" ">
            <marc:subfield code="a">Bosch, Rik</marc:subfield>
            <marc:subfield code="e">author</marc:subfield>
            <marc:subfield code="u">ISRIC — World Soil information, Droevendaalsesteeg 3  6708PB Wageningen, The Netherlands</marc:subfield>
        </marc:datafield>
        <marc:datafield tag="700" ind1="1" ind2=" ">
            <marc:subfield code="a">Webb, Nicholas P.</marc:subfield>
            <marc:subfield code="e">author</marc:subfield>
            <marc:subfield code="u">U.S. Department of Agriculture ‐ Agricultural Research Service, New Mexico State University, Jornada Experimental Range MSC 3JER Box 30003 Las Cruces, New Mexico,  88003‐8003USA</marc:subfield>
        </marc:datafield>
        <marc:datafield tag="773" ind1="0" ind2=" ">
            <marc:subfield code="t">Ecosystem health and sustainability.</marc:subfield>
            <marc:subfield code="g">2016 Mar. 1, v. 2, no. 3 p.e01209-</marc:subfield>
            <marc:subfield code="d">Taylor &amp; Francis</marc:subfield>
            <marc:subfield code="w">Journal:23063</marc:subfield>
            <marc:subfield code="x">2332-8878</marc:subfield>
            <marc:subfield code="7">nnas</marc:subfield>
        </marc:datafield>
        <marc:datafield tag="787" ind1="1" ind2=" ">
            <marc:subfield code="o">islandora_article_repository</marc:subfield>
        </marc:datafield>
        <marc:datafield tag="787" ind1="1" ind2=" ">
            <marc:subfield code="o">product_pubag</marc:subfield>
        </marc:datafield>
        <marc:datafield tag="787" ind1="1" ind2=" ">
            <marc:subfield code="o">(Journal)23063</marc:subfield>
        </marc:datafield>
        <marc:datafield tag="856" ind1="4" ind2="0">
            <marc:subfield code="u">https://handle.nal.usda.gov/10113/62333</marc:subfield>
            <marc:subfield code="3">Available in the National Agricultural Library PubAg search system</marc:subfield>
        </marc:datafield>
        <marc:datafield tag="856" ind1="4" ind2="0">
            <marc:subfield code="u">http://dx.doi.org/10.1002/ehs2.1209</marc:subfield>
            <marc:subfield code="3">Available from publisher's site</marc:subfield>
        </marc:datafield>
        <marc:datafield tag="912" ind1=" " ind2=" ">
            <marc:subfield code="a">Article</marc:subfield>
        </marc:datafield>
        <marc:datafield tag="914" ind1=" " ind2=" ">
            <marc:subfield code="a">Journal:23063</marc:subfield>
            <marc:subfield code="b">2332-8878</marc:subfield>
            <marc:subfield code="c">2</marc:subfield>
            <marc:subfield code="d">3</marc:subfield>
            <marc:subfield code="e">e01209</marc:subfield>
        </marc:datafield>
        <marc:datafield tag="914" ind1=" " ind2=" ">
            <marc:subfield code="f">Ecosystem health and sustainability</marc:subfield>
        </marc:datafield>
        <marc:datafield tag="916" ind1=" " ind2=" ">
            <marc:subfield code="a">Batch:1335</marc:subfield>
        </marc:datafield>
        <marc:datafield tag="917" ind1=" " ind2=" ">
            <marc:subfield code="a">issued</marc:subfield>
        </marc:datafield>
        <marc:datafield tag="918" ind1="2" ind2=" ">
            <marc:subfield code="a">Taylor &amp; Francis Group</marc:subfield>
            <marc:subfield code="e">provider</marc:subfield>
            <marc:subfield code="5">DNAL</marc:subfield>
        </marc:datafield>
        <marc:datafield tag="935" ind1=" " ind2=" ">
            <marc:subfield code="a">IND600062333</marc:subfield>
            <marc:subfield code="9">ExL</marc:subfield>
        </marc:datafield>
        <marc:datafield tag="949" ind1=" " ind2=" ">
            <marc:subfield code="a">2021-06-22</marc:subfield>
        </marc:datafield>
        <marc:datafield tag="953" ind1=" " ind2=" ">
            <marc:subfield code="a">/data/metadata/incoming/taylorfrancis/tehs20_tehs20.v002.i03_20200416221124#20046789.zip</marc:subfield>
        </marc:datafield>
        <marc:datafield tag="954" ind1=" " ind2=" ">
            <marc:subfield code="a">file:/data/metadata/staging/taylorfrancis/ehs2.1209.xml</marc:subfield>
        </marc:datafield>
        <marc:datafield tag="955" ind1=" " ind2=" ">
            <marc:subfield code="a">/data/metadata/staging/taylorfrancis/</marc:subfield>
        </marc:datafield>
        <marc:datafield tag="956" ind1=" " ind2=" ">
            <marc:subfield code="a">ARIS submission</marc:subfield>
            <marc:subfield code="b">https://submit.nal.usda.gov/system/files/submissions/16-007.pdf</marc:subfield>
        </marc:datafield>
        <marc:datafield tag="961" ind1=" " ind2=" ">
            <marc:subfield code="a">USDA</marc:subfield>
        </marc:datafield>
        <marc:datafield tag="974" ind1=" " ind2=" ">
            <marc:subfield code="a">agid:62333</marc:subfield>
        </marc:datafield>
        <marc:datafield tag="983" ind1=" " ind2=" ">
            <marc:subfield code="a">2020-05-09</marc:subfield>
        </marc:datafield>
        <marc:datafield tag="984" ind1=" " ind2=" ">
            <marc:subfield code="a">2020-09-29</marc:subfield>
        </marc:datafield>
        <marc:datafield tag="986" ind1=" " ind2=" ">
            <marc:subfield code="a">ns9795</marc:subfield>
        </marc:datafield>
    </marc:record>