
    <marc:record>
        <marc:leader>05306nab a2200769 u 4500</marc:leader>
        <marc:controlfield tag="001">9915836915807426</marc:controlfield>
        <marc:controlfield tag="005">20221214230240.0</marc:controlfield>
        <marc:controlfield tag="008">170706e201610  xx |||||o|||||||||||eng||</marc:controlfield>
        <marc:datafield tag="016" ind1="7" ind2=" ">
            <marc:subfield code="a">IND605729141</marc:subfield>
            <marc:subfield code="2">DNAL</marc:subfield>
        </marc:datafield>
        <marc:datafield tag="024" ind1="7" ind2=" ">
            <marc:subfield code="a">10113/5729141</marc:subfield>
            <marc:subfield code="2">hdl</marc:subfield>
        </marc:datafield>
        <marc:datafield tag="024" ind1="7" ind2=" ">
            <marc:subfield code="a">321264</marc:subfield>
            <marc:subfield code="2">aris</marc:subfield>
        </marc:datafield>
        <marc:datafield tag="024" ind1="7" ind2=" ">
            <marc:subfield code="a">10.1002/ecs2.1504</marc:subfield>
            <marc:subfield code="2">doi</marc:subfield>
        </marc:datafield>
        <marc:datafield tag="024" ind1="7" ind2=" ">
            <marc:subfield code="a">10.1002/ecs2.1504</marc:subfield>
            <marc:subfield code="2">chorus</marc:subfield>
        </marc:datafield>
        <marc:datafield tag="024" ind1="8" ind2=" ">
            <marc:subfield code="a">ns12762</marc:subfield>
        </marc:datafield>
        <marc:datafield tag="035" ind1=" " ind2=" ">
            <marc:subfield code="a">agid:5729141-01nal_inst</marc:subfield>
        </marc:datafield>
        <marc:datafield tag="040" ind1=" " ind2=" ">
            <marc:subfield code="a">AGL</marc:subfield>
            <marc:subfield code="b">eng</marc:subfield>
            <marc:subfield code="c">AGL</marc:subfield>
        </marc:datafield>
        <marc:datafield tag="100" ind1="1" ind2=" ">
            <marc:subfield code="a">Fay, Philip A.</marc:subfield>
            <marc:subfield code="e">author</marc:subfield>
            <marc:subfield code="u">USDA-ARS, Grassland, Soil, and Water Research Laboratory, 808 E Blackland Road, Temple, Texas 76502 USA</marc:subfield>
        </marc:datafield>
        <marc:datafield tag="245" ind1="1" ind2="0">
            <marc:subfield code="a">Climate change impacts on freshwater wetland hydrology and vegetation cover cycling along a regional aridity gradient</marc:subfield>
        </marc:datafield>
        <marc:datafield tag="300" ind1=" " ind2=" ">
            <marc:subfield code="a">p. 1-12.</marc:subfield>
        </marc:datafield>
        <marc:datafield tag="500" ind1=" " ind2=" ">
            <marc:subfield code="a">2019-12-06</marc:subfield>
        </marc:datafield>
        <marc:datafield tag="506" ind1=" " ind2=" ">
            <marc:subfield code="a">Works produced by employees of the U.S. Government as part of their official duties are not copyrighted within the U.S. The content of this document is not copyrighted.</marc:subfield>
        </marc:datafield>
        <marc:datafield tag="520" ind1=" " ind2=" ">
            <marc:subfield code="a">Global mean temperature may increase up to 6°C by the end of this century and together with precipitation change may steepen regional aridity gradients. The hydrology, productivity, and ecosystem services from freshwater wetlands depend on their future water balance. We simulated the hydrology and vegetation dynamics of wetland complexes in the North American Prairie Pothole Region with the WETLANDSCAPE model. Simulations for 63 precipitation × temperature combinations spanning 6°C warming and −20% to +20% annual precipitation change at 19 locations along a mid-continental aridity gradient showed that aridity explained up to 99% of the variation in wetland stage and hydroperiod for all wetland permanence types, and in vegetation cycling for semipermanent wetlands. The magnitude and direction of hydrologic responses depended on whether climate changes increased or decreased water deficits. Warming to 6°C and 20% less precipitation increased wetland water deficits and more strongly decreased wetland stage and hydroperiod from historic levels at low aridity, especially in semipermanent wetlands, where peak vegetation cycling (Cover Cycle Index, CCI) also shifted to lower aridity. In contrast, 20% more precipitation decreased water deficits, increasing wetland stage and hydroperiod most strongly in shallow wetlands at high aridity, but filling semipermanent wetlands and reducing CCI at low aridity. All climate changes narrowed the range of aridity favorable to high productivity. Climate changes that reduce water deficits may help maintain wetlands at high aridity at the expense of those at low aridity, but with warming certain, increased deficits are more likely and will help maintain wetlands at lower aridity but exacerbate loss of wetlands at high aridity. Thus, there is likely not a universally applicable approach to mitigating climate change impacts on freshwater wetlands across regional aridity gradients. Conservation strategies need to account for aridity-specific effects of climate change on freshwater wetland ecosystems.</marc:subfield>
        </marc:datafield>
        <marc:datafield tag="593" ind1=" " ind2=" ">
            <marc:subfield code="a">PubAg article</marc:subfield>
        </marc:datafield>
        <marc:datafield tag="593" ind1=" " ind2=" ">
            <marc:subfield code="c">USDA submission</marc:subfield>
        </marc:datafield>
        <marc:datafield tag="595" ind1=" " ind2=" ">
            <marc:subfield code="b">llucas</marc:subfield>
            <marc:subfield code="c">2017-08-04</marc:subfield>
            <marc:subfield code="d">manager-lgarner</marc:subfield>
            <marc:subfield code="e">2017-08-07</marc:subfield>
        </marc:datafield>
        <marc:datafield tag="596" ind1=" " ind2=" ">
            <marc:subfield code="c">NSF</marc:subfield>
            <marc:subfield code="d">https://doi.org/10.13039/100000001</marc:subfield>
        </marc:datafield>
        <marc:datafield tag="596" ind1=" " ind2=" ">
            <marc:subfield code="c">USDA</marc:subfield>
            <marc:subfield code="d">https://doi.org/10.13039/100000199</marc:subfield>
        </marc:datafield>
        <marc:datafield tag="596" ind1=" " ind2=" ">
            <marc:subfield code="c">USGS</marc:subfield>
            <marc:subfield code="d">https://doi.org/10.13039/100000203</marc:subfield>
        </marc:datafield>
        <marc:datafield tag="593" ind1=" " ind2=" ">
            <marc:subfield code="e">ARIS manuscript</marc:subfield>
        </marc:datafield>
        <marc:datafield tag="650" ind1=" " ind2="3">
            <marc:subfield code="a">wetlands</marc:subfield>
        </marc:datafield>
        <marc:datafield tag="650" ind1=" " ind2="3">
            <marc:subfield code="a">freshwater</marc:subfield>
        </marc:datafield>
        <marc:datafield tag="650" ind1=" " ind2="3">
            <marc:subfield code="a">ecosystem services</marc:subfield>
        </marc:datafield>
        <marc:datafield tag="650" ind1=" " ind2="3">
            <marc:subfield code="a">dry environmental conditions</marc:subfield>
        </marc:datafield>
        <marc:datafield tag="650" ind1=" " ind2="3">
            <marc:subfield code="a">air temperature</marc:subfield>
        </marc:datafield>
        <marc:datafield tag="650" ind1=" " ind2="3">
            <marc:subfield code="a">models</marc:subfield>
        </marc:datafield>
        <marc:datafield tag="650" ind1=" " ind2="3">
            <marc:subfield code="a">vegetation cover</marc:subfield>
        </marc:datafield>
        <marc:datafield tag="650" ind1=" " ind2="3">
            <marc:subfield code="a">climate change</marc:subfield>
        </marc:datafield>
        <marc:datafield tag="650" ind1=" " ind2="3">
            <marc:subfield code="a">ecosystems</marc:subfield>
        </marc:datafield>
        <marc:datafield tag="650" ind1=" " ind2="3">
            <marc:subfield code="a">atmospheric precipitation</marc:subfield>
        </marc:datafield>
        <marc:datafield tag="651" ind1=" " ind2="3">
            <marc:subfield code="a">Prairie Pothole region</marc:subfield>
        </marc:datafield>
        <marc:datafield tag="653" ind1=" " ind2="0">
            <marc:subfield code="a">water balance</marc:subfield>
        </marc:datafield>
        <marc:datafield tag="700" ind1="1" ind2=" ">
            <marc:subfield code="a">Guntenspergen, Glenn R.</marc:subfield>
            <marc:subfield code="e">author</marc:subfield>
            <marc:subfield code="u">USGS, Patuxent Wildlife Research Center, Laurel, Maryland, USA</marc:subfield>
        </marc:datafield>
        <marc:datafield tag="700" ind1="1" ind2=" ">
            <marc:subfield code="a">Olker, Jennifer H.</marc:subfield>
            <marc:subfield code="e">author</marc:subfield>
            <marc:subfield code="u">Natural Resources Research Institute, University of Minnesota Duluth, 5013 Miller Trunk Highway, Duluth, Minnesota 55811 USA</marc:subfield>
        </marc:datafield>
        <marc:datafield tag="700" ind1="1" ind2=" ">
            <marc:subfield code="a">Johnson, W. Carter</marc:subfield>
            <marc:subfield code="e">author</marc:subfield>
            <marc:subfield code="u">Department of Natural Resource Management, South Dakota State University, Brookings, South Dakota 57007 USA</marc:subfield>
        </marc:datafield>
        <marc:datafield tag="773" ind1="0" ind2=" ">
            <marc:subfield code="t">Ecosphere.</marc:subfield>
            <marc:subfield code="g">2016 Oct., v. 7, no. 10 p.1-12</marc:subfield>
            <marc:subfield code="d">John Wiley &amp; Sons, Ltd</marc:subfield>
            <marc:subfield code="w">Journal:12363</marc:subfield>
            <marc:subfield code="x">2150-8925</marc:subfield>
            <marc:subfield code="7">nnas</marc:subfield>
        </marc:datafield>
        <marc:datafield tag="787" ind1="1" ind2=" ">
            <marc:subfield code="o">islandora_article_repository</marc:subfield>
        </marc:datafield>
        <marc:datafield tag="787" ind1="1" ind2=" ">
            <marc:subfield code="o">product_pubag</marc:subfield>
        </marc:datafield>
        <marc:datafield tag="787" ind1="1" ind2=" ">
            <marc:subfield code="o">(Journal)12363</marc:subfield>
        </marc:datafield>
        <marc:datafield tag="856" ind1="4" ind2="0">
            <marc:subfield code="u">https://handle.nal.usda.gov/10113/5729141</marc:subfield>
            <marc:subfield code="3">Available in the National Agricultural Library PubAg search system</marc:subfield>
        </marc:datafield>
        <marc:datafield tag="856" ind1="4" ind2="0">
            <marc:subfield code="u">http://dx.doi.org/10.1002/ecs2.1504</marc:subfield>
            <marc:subfield code="3">Available from publisher's site</marc:subfield>
        </marc:datafield>
        <marc:datafield tag="912" ind1=" " ind2=" ">
            <marc:subfield code="a">Article</marc:subfield>
        </marc:datafield>
        <marc:datafield tag="914" ind1=" " ind2=" ">
            <marc:subfield code="a">Journal:12363</marc:subfield>
            <marc:subfield code="b">2150-8925</marc:subfield>
            <marc:subfield code="c">7</marc:subfield>
            <marc:subfield code="d">10</marc:subfield>
            <marc:subfield code="e">1</marc:subfield>
        </marc:datafield>
        <marc:datafield tag="914" ind1=" " ind2=" ">
            <marc:subfield code="f">Ecosphere</marc:subfield>
        </marc:datafield>
        <marc:datafield tag="916" ind1=" " ind2=" ">
            <marc:subfield code="a">Batch:1832</marc:subfield>
        </marc:datafield>
        <marc:datafield tag="917" ind1=" " ind2=" ">
            <marc:subfield code="a">issued</marc:subfield>
        </marc:datafield>
        <marc:datafield tag="935" ind1=" " ind2=" ">
            <marc:subfield code="a">IND605729141</marc:subfield>
            <marc:subfield code="9">ExL</marc:subfield>
        </marc:datafield>
        <marc:datafield tag="949" ind1=" " ind2=" ">
            <marc:subfield code="a">2019-06-20</marc:subfield>
        </marc:datafield>
        <marc:datafield tag="956" ind1=" " ind2=" ">
            <marc:subfield code="a">ARIS submission</marc:subfield>
            <marc:subfield code="b">https://submit.nal.usda.gov/system/files/submissions/ecs21504.pdf</marc:subfield>
        </marc:datafield>
        <marc:datafield tag="961" ind1=" " ind2=" ">
            <marc:subfield code="a">USDA/ARSUSDA</marc:subfield>
        </marc:datafield>
        <marc:datafield tag="962" ind1=" " ind2=" ">
            <marc:subfield code="a">USDA Scientist Submission</marc:subfield>
        </marc:datafield>
        <marc:datafield tag="962" ind1=" " ind2=" ">
            <marc:subfield code="a">Batch:1832 reviewed on 2017-10-16T13:00:03Z</marc:subfield>
        </marc:datafield>
        <marc:datafield tag="974" ind1=" " ind2=" ">
            <marc:subfield code="a">agid:5729141</marc:subfield>
        </marc:datafield>
        <marc:datafield tag="979" ind1=" " ind2=" ">
            <marc:subfield code="a">Article missing pages</marc:subfield>
        </marc:datafield>
        <marc:datafield tag="983" ind1=" " ind2=" ">
            <marc:subfield code="a">2017-07-06</marc:subfield>
        </marc:datafield>
        <marc:datafield tag="984" ind1=" " ind2=" ">
            <marc:subfield code="a">2019-09-26</marc:subfield>
        </marc:datafield>
        <marc:datafield tag="985" ind1=" " ind2=" ">
            <marc:subfield code="a">USDA submission converted from Drupal to MODS version 3.4 using submission2mods.xsl (Revision 1.002 2014/01/28)</marc:subfield>
        </marc:datafield>
        <marc:datafield tag="986" ind1=" " ind2=" ">
            <marc:subfield code="a">ns12762</marc:subfield>
        </marc:datafield>
    </marc:record>