
    <marc:record>
        <marc:leader>06626nab a2200805 u 4500</marc:leader>
        <marc:controlfield tag="001">9916074321007426</marc:controlfield>
        <marc:controlfield tag="005">20221121172836.0</marc:controlfield>
        <marc:controlfield tag="008">220831e202205  xx |||||o|||||||||||eng||</marc:controlfield>
        <marc:datafield tag="016" ind1="7" ind2=" ">
            <marc:subfield code="a">IND607763344</marc:subfield>
            <marc:subfield code="2">DNAL</marc:subfield>
        </marc:datafield>
        <marc:datafield tag="024" ind1="7" ind2=" ">
            <marc:subfield code="a">10.1007/s10584-022-03336-9</marc:subfield>
            <marc:subfield code="2">doi</marc:subfield>
        </marc:datafield>
        <marc:datafield tag="035" ind1=" " ind2=" ">
            <marc:subfield code="a">agid:7763344-01nal_inst</marc:subfield>
        </marc:datafield>
        <marc:datafield tag="040" ind1=" " ind2=" ">
            <marc:subfield code="a">AGL</marc:subfield>
            <marc:subfield code="b">eng</marc:subfield>
            <marc:subfield code="c">AGL</marc:subfield>
        </marc:datafield>
        <marc:datafield tag="100" ind1="1" ind2=" ">
            <marc:subfield code="a">Rose, Steven K.</marc:subfield>
            <marc:subfield code="e">author</marc:subfield>
            <marc:subfield code="u">Energy Systems and Climate Analysis Research Group, Electric Power Research Institute, Washington, DC, USA. srose@epri.com</marc:subfield>
            <marc:subfield code="1">https://orcid.org/0000-0003-0682-8565</marc:subfield>
        </marc:datafield>
        <marc:datafield tag="245" ind1="1" ind2="0">
            <marc:subfield code="a">Global biomass supply modeling for long-run management of the climate system</marc:subfield>
        </marc:datafield>
        <marc:datafield tag="300" ind1=" " ind2=" ">
            <marc:subfield code="a">p. 3.</marc:subfield>
        </marc:datafield>
        <marc:datafield tag="520" ind1=" " ind2=" ">
            <marc:subfield code="a">Bioenergy is projected to have a prominent, valuable, and maybe essential, role in climate management. However, there is significant variation in projected bioenergy deployment results, as well as concerns about the potential environmental and social implications of supplying biomass. Bioenergy deployment projections are market equilibrium solutions from integrated modeling, yet little is known about the underlying modeling of the supply of biomass as a feedstock for energy use in these modeling frameworks. We undertake a novel diagnostic analysis with ten global models to elucidate, compare, and assess how biomass is supplied within the models used to inform long-run climate management. With experiments that isolate and reveal biomass supply modeling behavior and characteristics (costs, emissions, land use, market effects), we learn about biomass supply tendencies and differences. The insights provide a new level of modeling transparency and understanding of estimated global biomass supplies that informs evaluation of the potential for bioenergy in managing the climate and interpretation of integrated modeling. For each model, we characterize the potential distributions of global biomass supply across regions and feedstock types for increasing levels of quantity supplied, as well as some of the potential societal externalities of supplying biomass. We also evaluate the biomass supply implications of managing these externalities. Finally, we interpret biomass market results from integrated modeling in terms of our new understanding of biomass supply. Overall, we find little consensus between models on where biomass could be cost-effectively produced and the implications. We also reveal model specific biomass supply narratives, with results providing new insights into integrated modeling bioenergy outcomes and differences. The analysis finds that many integrated models are considering and managing emissions and land use externalities of supplying biomass and estimating that environmental and societal trade-offs in the form of land emissions, land conversion, and higher agricultural prices are cost-effective, and to some degree a reality of using biomass, to address climate change.</marc:subfield>
        </marc:datafield>
        <marc:datafield tag="592" ind1=" " ind2=" ">
            <marc:subfield code="a">Publisher supplied data</marc:subfield>
        </marc:datafield>
        <marc:datafield tag="593" ind1=" " ind2=" ">
            <marc:subfield code="a">PubAg article</marc:subfield>
        </marc:datafield>
        <marc:datafield tag="650" ind1=" " ind2="3">
            <marc:subfield code="a">bioenergy</marc:subfield>
        </marc:datafield>
        <marc:datafield tag="650" ind1=" " ind2="3">
            <marc:subfield code="a">biomass</marc:subfield>
        </marc:datafield>
        <marc:datafield tag="650" ind1=" " ind2="3">
            <marc:subfield code="a">climate</marc:subfield>
        </marc:datafield>
        <marc:datafield tag="650" ind1=" " ind2="3">
            <marc:subfield code="a">climate change</marc:subfield>
        </marc:datafield>
        <marc:datafield tag="650" ind1=" " ind2="3">
            <marc:subfield code="a">cost effectiveness</marc:subfield>
        </marc:datafield>
        <marc:datafield tag="650" ind1=" " ind2="3">
            <marc:subfield code="a">energy</marc:subfield>
        </marc:datafield>
        <marc:datafield tag="650" ind1=" " ind2="3">
            <marc:subfield code="a">feedstocks</marc:subfield>
        </marc:datafield>
        <marc:datafield tag="650" ind1=" " ind2="3">
            <marc:subfield code="a">land use change</marc:subfield>
        </marc:datafield>
        <marc:datafield tag="650" ind1=" " ind2="3">
            <marc:subfield code="a">markets</marc:subfield>
        </marc:datafield>
        <marc:datafield tag="650" ind1=" " ind2="3">
            <marc:subfield code="a">models</marc:subfield>
        </marc:datafield>
        <marc:datafield tag="650" ind1=" " ind2="3">
            <marc:subfield code="a">supply balance</marc:subfield>
        </marc:datafield>
        <marc:datafield tag="700" ind1="1" ind2=" ">
            <marc:subfield code="a">Popp, Alexander</marc:subfield>
            <marc:subfield code="e">author</marc:subfield>
            <marc:subfield code="u">Potsdam Institute for Climate Impact Research, Leibniz Association, Potsdam, Germany</marc:subfield>
        </marc:datafield>
        <marc:datafield tag="700" ind1="1" ind2=" ">
            <marc:subfield code="a">Fujimori, Shinichiro</marc:subfield>
            <marc:subfield code="e">author</marc:subfield>
            <marc:subfield code="u">Department of Environmental Engineering, Kyoto University, Kyoto, Japan</marc:subfield>
        </marc:datafield>
        <marc:datafield tag="700" ind1="1" ind2=" ">
            <marc:subfield code="a">Havlik, Petr</marc:subfield>
            <marc:subfield code="e">author</marc:subfield>
            <marc:subfield code="u">International Institute for Applied Systems Analysis, Laxenburg, Austria</marc:subfield>
        </marc:datafield>
        <marc:datafield tag="700" ind1="1" ind2=" ">
            <marc:subfield code="a">Weyant, John</marc:subfield>
            <marc:subfield code="e">author</marc:subfield>
            <marc:subfield code="u">Stanford University, Palo Alto, CA, USA</marc:subfield>
        </marc:datafield>
        <marc:datafield tag="700" ind1="1" ind2=" ">
            <marc:subfield code="a">Wise, Marshall</marc:subfield>
            <marc:subfield code="e">author</marc:subfield>
            <marc:subfield code="u">Pacific Northwest National Laboratory &amp;, Joint Global Change Research Institute, Univ. of Maryland, College Park, MD, USA</marc:subfield>
        </marc:datafield>
        <marc:datafield tag="700" ind1="1" ind2=" ">
            <marc:subfield code="a">van Vuuren, Detlef</marc:subfield>
            <marc:subfield code="e">author</marc:subfield>
            <marc:subfield code="u">PBL Netherlands Environmental Assessment Agency, The Hague, The Netherlands</marc:subfield>
        </marc:datafield>
        <marc:datafield tag="700" ind1="1" ind2=" ">
            <marc:subfield code="a">Brunelle, Thierry</marc:subfield>
            <marc:subfield code="e">author</marc:subfield>
            <marc:subfield code="u">UMR CIRED, CIRAD, Nogent-sur-Marne, France</marc:subfield>
        </marc:datafield>
        <marc:datafield tag="700" ind1="1" ind2=" ">
            <marc:subfield code="a">Cui, Ryna Yiyun</marc:subfield>
            <marc:subfield code="e">author</marc:subfield>
            <marc:subfield code="u">Center for Global Sustainability, University of Maryland, College Park, MD, USA</marc:subfield>
        </marc:datafield>
        <marc:datafield tag="700" ind1="1" ind2=" ">
            <marc:subfield code="a">Daioglou, Vassilis</marc:subfield>
            <marc:subfield code="e">author</marc:subfield>
            <marc:subfield code="u">PBL Netherlands Environmental Assessment Agency, The Hague, The Netherlands</marc:subfield>
        </marc:datafield>
        <marc:datafield tag="700" ind1="1" ind2=" ">
            <marc:subfield code="a">Frank, Stefan</marc:subfield>
            <marc:subfield code="e">author</marc:subfield>
            <marc:subfield code="u">International Institute for Applied Systems Analysis, Laxenburg, Austria</marc:subfield>
            <marc:subfield code="1">https://orcid.org/0000-0001-5702-8547</marc:subfield>
        </marc:datafield>
        <marc:datafield tag="700" ind1="1" ind2=" ">
            <marc:subfield code="a">Hasegawa, Tomoko</marc:subfield>
            <marc:subfield code="e">author</marc:subfield>
            <marc:subfield code="u">Ritsumeikan University, Nojihigashi, Kusatsu, Shiga, Japan</marc:subfield>
        </marc:datafield>
        <marc:datafield tag="700" ind1="1" ind2=" ">
            <marc:subfield code="a">Humpenöder, Florian</marc:subfield>
            <marc:subfield code="e">author</marc:subfield>
            <marc:subfield code="u">Potsdam Institute for Climate Impact Research, Leibniz Association, Potsdam, Germany</marc:subfield>
        </marc:datafield>
        <marc:datafield tag="700" ind1="1" ind2=" ">
            <marc:subfield code="a">Kato, Etsushi</marc:subfield>
            <marc:subfield code="e">author</marc:subfield>
            <marc:subfield code="u">The Institute of Applied Energy, Minato, Tokyo, Japan</marc:subfield>
        </marc:datafield>
        <marc:datafield tag="700" ind1="1" ind2=" ">
            <marc:subfield code="a">Sands, Ronald D.</marc:subfield>
            <marc:subfield code="e">author</marc:subfield>
            <marc:subfield code="u">USDA Economic Research Service, Kansas City, MO, USA</marc:subfield>
            <marc:subfield code="1">https://orcid.org/0000-0002-2864-0339</marc:subfield>
        </marc:datafield>
        <marc:datafield tag="700" ind1="1" ind2=" ">
            <marc:subfield code="a">Sano, Fuminori</marc:subfield>
            <marc:subfield code="e">author</marc:subfield>
            <marc:subfield code="u">Systems Analysis Group, Research Institute of Innovative Technology for the Earth, Kyoto, Japan</marc:subfield>
        </marc:datafield>
        <marc:datafield tag="700" ind1="1" ind2=" ">
            <marc:subfield code="a">Tsutsui, Junichi</marc:subfield>
            <marc:subfield code="e">author</marc:subfield>
            <marc:subfield code="u">Environmental Science Research Laboratory, Central Research Institute of Electric Power Industry, Abiko, Japan</marc:subfield>
        </marc:datafield>
        <marc:datafield tag="700" ind1="1" ind2=" ">
            <marc:subfield code="a">Doelman, Jonathan</marc:subfield>
            <marc:subfield code="e">author</marc:subfield>
            <marc:subfield code="u">PBL Netherlands Environmental Assessment Agency, The Hague, The Netherlands</marc:subfield>
        </marc:datafield>
        <marc:datafield tag="700" ind1="1" ind2=" ">
            <marc:subfield code="a">Muratori, Matteo</marc:subfield>
            <marc:subfield code="e">author</marc:subfield>
            <marc:subfield code="u">National Renewable Energy Laboratory, Golden, CO, USA</marc:subfield>
        </marc:datafield>
        <marc:datafield tag="700" ind1="1" ind2=" ">
            <marc:subfield code="a">Prudhomme, Rémi</marc:subfield>
            <marc:subfield code="e">author</marc:subfield>
            <marc:subfield code="u">UMR CIRED, CIRAD, Nogent-sur-Marne, France</marc:subfield>
        </marc:datafield>
        <marc:datafield tag="700" ind1="1" ind2=" ">
            <marc:subfield code="a">Wada, Kenichi</marc:subfield>
            <marc:subfield code="e">author</marc:subfield>
            <marc:subfield code="u">Systems Analysis Group, Research Institute of Innovative Technology for the Earth, Kyoto, Japan</marc:subfield>
        </marc:datafield>
        <marc:datafield tag="700" ind1="1" ind2=" ">
            <marc:subfield code="a">Yamamoto, Hiromi</marc:subfield>
            <marc:subfield code="e">author</marc:subfield>
            <marc:subfield code="u">Energy Innovation Center, Central Research Institute of Electric Power Industry, Yokosuka, Japan</marc:subfield>
        </marc:datafield>
        <marc:datafield tag="773" ind1="0" ind2=" ">
            <marc:subfield code="t">Climatic change.</marc:subfield>
            <marc:subfield code="g">2022 May, v. 172, no. 1-2 p.3-3</marc:subfield>
            <marc:subfield code="d">Springer Netherlands</marc:subfield>
            <marc:subfield code="w">Journal:jnl8952</marc:subfield>
            <marc:subfield code="x">0165-0009</marc:subfield>
            <marc:subfield code="7">nnas</marc:subfield>
        </marc:datafield>
        <marc:datafield tag="787" ind1="1" ind2=" ">
            <marc:subfield code="o">islandora_article_repository</marc:subfield>
        </marc:datafield>
        <marc:datafield tag="787" ind1="1" ind2=" ">
            <marc:subfield code="o">product_pubag</marc:subfield>
        </marc:datafield>
        <marc:datafield tag="787" ind1="1" ind2=" ">
            <marc:subfield code="o">(Journal)jnl8952</marc:subfield>
        </marc:datafield>
        <marc:datafield tag="856" ind1="4" ind2="0">
            <marc:subfield code="u">https://dx.doi.org/10.1007/s10584-022-03336-9</marc:subfield>
            <marc:subfield code="3">Available from publisher's site</marc:subfield>
        </marc:datafield>
        <marc:datafield tag="912" ind1=" " ind2=" ">
            <marc:subfield code="a">Article</marc:subfield>
        </marc:datafield>
        <marc:datafield tag="914" ind1=" " ind2=" ">
            <marc:subfield code="a">Journal:jnl8952</marc:subfield>
            <marc:subfield code="b">0165-0009</marc:subfield>
            <marc:subfield code="c">172</marc:subfield>
            <marc:subfield code="d">1-2</marc:subfield>
            <marc:subfield code="e">3</marc:subfield>
        </marc:datafield>
        <marc:datafield tag="914" ind1=" " ind2=" ">
            <marc:subfield code="f">Climatic change</marc:subfield>
        </marc:datafield>
        <marc:datafield tag="916" ind1=" " ind2=" ">
            <marc:subfield code="a">Batch:10254</marc:subfield>
        </marc:datafield>
        <marc:datafield tag="917" ind1=" " ind2=" ">
            <marc:subfield code="a">issued</marc:subfield>
        </marc:datafield>
        <marc:datafield tag="918" ind1="2" ind2=" ">
            <marc:subfield code="a">Springer</marc:subfield>
            <marc:subfield code="e">provider</marc:subfield>
            <marc:subfield code="5">DNAL</marc:subfield>
        </marc:datafield>
        <marc:datafield tag="935" ind1=" " ind2=" ">
            <marc:subfield code="a">IND607763344</marc:subfield>
            <marc:subfield code="9">ExL</marc:subfield>
        </marc:datafield>
        <marc:datafield tag="949" ind1=" " ind2=" ">
            <marc:subfield code="a">2022-05-05</marc:subfield>
        </marc:datafield>
        <marc:datafield tag="953" ind1=" " ind2=" ">
            <marc:subfield code="a">/data/metadata/incoming/springer/ftp_PUB_22-08-31_05-27-02.zip</marc:subfield>
        </marc:datafield>
        <marc:datafield tag="954" ind1=" " ind2=" ">
            <marc:subfield code="a">file:/data/metadata/staging/springer/10584-172-1-2.xml</marc:subfield>
        </marc:datafield>
        <marc:datafield tag="955" ind1=" " ind2=" ">
            <marc:subfield code="a">/data/metadata/staging/springer/</marc:subfield>
        </marc:datafield>
        <marc:datafield tag="961" ind1=" " ind2=" ">
            <marc:subfield code="a">USDA/ERS</marc:subfield>
        </marc:datafield>
        <marc:datafield tag="974" ind1=" " ind2=" ">
            <marc:subfield code="a">agid:7763344</marc:subfield>
        </marc:datafield>
        <marc:datafield tag="983" ind1=" " ind2=" ">
            <marc:subfield code="a">2022-08-31</marc:subfield>
        </marc:datafield>
        <marc:datafield tag="984" ind1=" " ind2=" ">
            <marc:subfield code="a">2022-08-31</marc:subfield>
        </marc:datafield>
    </marc:record>